<record><leader>00000cas a22000007a 4500</leader><controlfield tag="001">13983820</controlfield><controlfield tag="008">860730d18871919kyudn ne      0    0eng d</controlfield><datafield ind1=" " ind2=" " tag="010"><subfield code="a">sn 86069344 </subfield></datafield><datafield ind1=" " ind2=" " tag="040"><subfield code="a">KNP</subfield><subfield code="b">eng</subfield><subfield code="c">KNP</subfield><subfield code="d">NVK</subfield><subfield code="d">OCLCQ</subfield><subfield code="d">OCLCF</subfield><subfield code="d">OCLCO</subfield></datafield><datafield ind1="1" ind2=" " tag="029"><subfield code="a">AU@</subfield><subfield code="b">000023435631</subfield></datafield><datafield ind1=" " ind2=" " tag="042"><subfield code="a">msc</subfield></datafield><datafield ind1=" " ind2=" " tag="043"><subfield code="a">n-us-ky</subfield></datafield><datafield ind1="0" ind2="0" tag="245"><subfield code="a">Owensboro daily messenger.</subfield></datafield><datafield ind1="1" ind2="3" tag="246"><subfield code="a">Daily messenger</subfield></datafield><datafield ind1=" " ind2=" " tag="260"><subfield code="a">Owensboro, Ky. :</subfield><subfield code="b">[s.n.],</subfield><subfield code="c">-1919.</subfield></datafield><datafield ind1=" " ind2=" " tag="300"><subfield code="a">v. :</subfield><subfield code="b">ill. ;</subfield><subfield code="c">55-65 cm.</subfield></datafield><datafield ind1=" " ind2=" " tag="310"><subfield code="a">Daily (except Mon.)</subfield></datafield><datafield ind1="1" ind2=" " tag="362"><subfield code="a">Began with Jan. 1, 1887 issue?</subfield></datafield><datafield ind1="0" ind2=" " tag="362"><subfield code="a">-40th year, no. 99 (Apr. 24, 1919).</subfield></datafield><datafield ind1=" " ind2=" " tag="515"><subfield code="a">Volume designation is replaced by a yearly designation.</subfield></datafield><datafield ind1=" " ind2=" " tag="580"><subfield code="a">Issued also in a weekly edition called: Messenger and examiner (Owensboro, Ky. : Weekly).</subfield></datafield><datafield ind1=" " ind2=" " tag="588"><subfield code="a">Description based on: Vol. 8, no. 5 (Jan. 6, 1887).</subfield></datafield><datafield ind1=" " ind2="0" tag="651"><subfield code="a">Daviess County (Ky.)</subfield><subfield code="v">Newspapers.</subfield></datafield><datafield ind1=" " ind2="0" tag="651"><subfield code="a">Owensboro (Ky.)</subfield><subfield code="v">Newspapers.</subfield></datafield><datafield ind1=" " ind2="7" tag="655"><subfield code="a">Newspapers.</subfield><subfield code="2">fast</subfield><subfield code="0">(OCoLC)fst01423814</subfield></datafield><datafield ind1=" " ind2="7" tag="651"><subfield code="a">Kentucky</subfield><subfield code="z">Daviess County.</subfield><subfield code="2">fast</subfield><subfield code="0">(OCoLC)fst01234477</subfield></datafield><datafield ind1=" " ind2="7" tag="651"><subfield code="a">Kentucky</subfield><subfield code="z">Owensboro.</subfield><subfield code="2">fast</subfield><subfield code="0">(OCoLC)fst01218443</subfield></datafield><datafield ind1=" " ind2=" " tag="752"><subfield code="a">United States</subfield><subfield code="b">Kentucky</subfield><subfield code="c">Daviess</subfield><subfield code="d">Owensboro.</subfield></datafield><datafield ind1="1" ind2=" " tag="775"><subfield code="t">Messenger and examiner (Owensboro, Ky. : Weekly)</subfield><subfield code="w">(DLC)sn 86069347</subfield></datafield><datafield ind1="0" ind2=" " tag="775"><subfield code="t">Owensboro weekly messenger</subfield><subfield code="w">(DLC)sn 86069348</subfield></datafield><datafield ind1="0" ind2=" " tag="775"><subfield code="t">Twice-a-week messenger</subfield><subfield code="w">(DLC)sn 86069349</subfield></datafield><datafield ind1="0" ind2="0" tag="780"><subfield code="t">Owensboro tri-weekly messenger</subfield><subfield code="w">(DLC)sn 86069343</subfield></datafield><datafield ind1="0" ind2="0" tag="785"><subfield code="t">Owensboro messenger (1919)</subfield><subfield code="w">(DLC)sn 86069345</subfield></datafield></record>